<record><leader>00000cas a22000007a 4500</leader><controlfield tag="001">14346199</controlfield><controlfield tag="008">861006d195u1959paudn ne      0    0eng d</controlfield><datafield ind1=" " ind2=" " tag="010"><subfield code="a">sn 86081801 </subfield></datafield><datafield ind1=" " ind2=" " tag="040"><subfield code="a">NPH</subfield><subfield code="b">eng</subfield><subfield code="c">NPH</subfield><subfield code="d">OCLCQ</subfield></datafield><datafield ind1=" " ind2=" " tag="042"><subfield code="a">msc</subfield></datafield><datafield ind1="0" ind2=" " tag="130"><subfield code="a">Beaver Valley times (Aliquippa Area ed.)</subfield></datafield><datafield ind1="1" ind2="0" tag="245"><subfield code="a">Beaver Valley times.</subfield></datafield><datafield ind1=" " ind2=" " tag="250"><subfield code="a">Aliquippa Area ed.</subfield></datafield><datafield ind1=" " ind2=" " tag="260"><subfield code="a">[Aliquippa, Pa.?] :</subfield><subfield code="b">Beaver Newspapers,</subfield><subfield code="c">-1959.</subfield></datafield><datafield ind1=" " ind2=" " tag="300"><subfield code="a">v. :</subfield><subfield code="b">ill.</subfield></datafield><datafield ind1=" " ind2=" " tag="310"><subfield code="a">Daily (except Sunday and New Year's day)</subfield></datafield><datafield ind1="0" ind2=" " tag="362"><subfield code="a">-v. 84, no. 90 (July 31, 1959).</subfield></datafield><datafield ind1=" " ind2=" " tag="500"><subfield code="a">Issues for &lt;1958-July 31, 1959&gt; lack ed. statement; have statement "Aliquippa's hometown daily newspaper."</subfield></datafield><datafield ind1=" " ind2=" " tag="500"><subfield code="a">"Beaver County's hometown daily newspaper," &lt;Jan. 2, 1957-&gt;.</subfield></datafield><datafield ind1=" " ind2=" " tag="588"><subfield code="a">Description based on: Vol. 81, no. 179 (Jan. 2, 1957).</subfield></datafield><datafield ind1=" " ind2=" " tag="752"><subfield code="a">United States</subfield><subfield code="b">Pennsylvania</subfield><subfield code="c">Beaver</subfield><subfield code="d">Aliquippa.</subfield></datafield><datafield ind1="0" ind2=" " tag="775"><subfield code="t">Beaver Valley times (Ambridge Area ed.)</subfield><subfield code="w">(DLC)sn 86081834</subfield></datafield><datafield ind1="0" ind2=" " tag="775"><subfield code="t">Beaver Valley times (Beaver Valley ed.)</subfield><subfield code="w">(DLC)sn 86081800</subfield></datafield><datafield ind1="0" ind2="7" tag="780"><subfield code="t">Beaver Valley times (Beaver Valley ed.)</subfield><subfield code="w">(DLC)sn 86081800</subfield></datafield><datafield ind1="0" ind2="0" tag="785"><subfield code="t">Aliquippa times (Aliquippa, Pa. : 1959)</subfield><subfield code="w">(DLC)sn 86081842</subfield></datafield></record>